<?xml version="1.0" encoding="UTF-8"?><collection xmlns="http://www.loc.gov/MARC21/slim"><record><leader>00436nam--2200157-i-4500</leader><controlfield tag="001">000014021</controlfield><controlfield tag="002">20161230</controlfield><controlfield tag="005">20170305201451</controlfield><controlfield tag="008">060222s1000------------r-----000-0-eng-d</controlfield><datafield ind1=" " ind2=" " tag="100"><subfield code="a">Detlaf, Andrei A</subfield></datafield><datafield ind1=" " ind2=" " tag="245"><subfield code="a">Handbook of physics translated from the russian by Nicholas Weinstein</subfield></datafield><datafield ind1=" " ind2=" " tag="260"><subfield code="a">Moscow</subfield><subfield code="b">Mir Publ</subfield><subfield code="c">1980</subfield></datafield><datafield ind1=" " ind2=" " tag="300"><subfield code="a">1131 p</subfield></datafield><datafield ind1=" " ind2=" " tag="700"><subfield code="a">Yavorsky, Boris M</subfield></datafield><datafield ind1=" " ind2=" " tag="852"><subfield code="a">53(026)=03.82=590</subfield></datafield><datafield ind1=" " ind2=" " tag="CAT"><subfield code="a">SYS</subfield><subfield code="c">20170305</subfield><subfield code="h">201451</subfield></datafield></record></collection>